@inproceedings{Kicz97a,
  author = {Kiczales, Gregor and Lamping, John and Mendhekar, Anurag and Maeda, Chris and Lopes, Cristina Videira and Loingtier, Jean-Marc and Irwin, John},
  booktitle = {ECOOP},
  interhash = {bbeb09e8d34d46e6c62d9bbe41290ccf},
  intrahash = {c977e819d84f313bc0b56d5bea513a56},
  pages = {220-242},
  title = {Aspect-Oriented Programming.},
  url = {http://dblp.uni-trier.de/db/conf/ecoop/ecoop97.html#KiczalesLMMLLI97},
  year = 1997,
  timestamp = {2011-06-15T00:00:00.000+0200},
  keywords = {dblp},
  ee = {http://dx.doi.org/10.1007/BFb0053381},
  added-at = {2011-06-15T00:00:00.000+0200},
  biburl = {http://www.bibsonomy.org/bibtex/2c977e819d84f313bc0b56d5bea513a56/dblp}
}




@inproceedings{Aquila,
  added-at = {2009-02-09T13:32:37.000+0100},
  address = {L'Aquila, Italy},
  author = {Cugola, Gianpaolo and Ghezzi, Carlo and Monga, Mattia},
  biburl = {http://www.bibsonomy.org/bibtex/2e46ba7bababd51e63ea32aba3ef465fa/mattia},
  booktitle = {Workshop su Sistemi Distribuiti: Algoritmi, Architetture e Linguaggi
	{WSDAAL}},
  file = {wsdaal99.pdf},
  interhash = {14e4c4453eab865078677b8f9314eebe},
  intrahash = {e46ba7bababd51e63ea32aba3ef465fa},
  keywords = {aspect eng, oriented programming sw},
  month = {September},
  timestamp = {2009-02-09T13:32:37.000+0100},
  title = {Coding Different Design Paradigms for Distributed Applications with
  Aspect-Oriented Programming},
  year = 1999
}

